<?xml version="1.0" encoding="UTF-8"?><collection xmlns="http://www.loc.gov/MARC21/slim"><record><leader>06272nam a2200000uu 4500</leader><controlfield tag="001">01342640</controlfield><controlfield tag="003">DE-Frei129</controlfield><controlfield tag="005">20220907144050.0</controlfield><controlfield tag="007">tu</controlfield><controlfield tag="008">001120s2000    ||||||||||||||||||||ger||</controlfield><datafield tag="015" ind1=" " ind2=" "><subfield code="a">00,A48,0688</subfield></datafield><datafield tag="016" ind1="7" ind2=" "><subfield code="a">960028722</subfield><subfield code="2">DE-101</subfield></datafield><datafield tag="020" ind1=" " ind2=" "><subfield code="a">385487099X</subfield><subfield code="9">385487099X</subfield><subfield code="c">kart.</subfield></datafield><datafield tag="035" ind1=" " ind2=" "><subfield code="a">(DE-576)321824393</subfield></datafield><datafield tag="041" ind1=" " ind2=" "><subfield code="a">ger</subfield></datafield><datafield tag="044" ind1=" " ind2=" "><subfield code="c">XA-AT</subfield></datafield><datafield tag="245" ind1="1" ind2="0"><subfield code="a">Begabungs- und Begabtenförderung</subfield><subfield code="b">eine Herausforderung für die Schule ; ein Symposium der Pädagogischen Akademie des Bundes in Oberösterreich und des Pädagogischen Institutes ; 1999 in Linz ; Dokumentation</subfield><subfield code="c">Peter Ganglmair (Hrsg.)</subfield></datafield><datafield tag="260" ind1="3" ind2=" "><subfield code="a">Linz</subfield><subfield code="b">Trauner</subfield><subfield code="c">2000</subfield></datafield><datafield tag="300" ind1=" " ind2=" "><subfield code="a">174 S</subfield><subfield code="b">graph. Darst</subfield><subfield code="c">21 cm</subfield></datafield><datafield tag="490" ind1="1" ind2=" "><subfield code="a">Schriften der Pädagogischen Akademie des Bundes in Oberösterreich </subfield><subfield code="v">6</subfield></datafield><datafield tag="500" ind1=" " ind2=" "><subfield code="a">Konferenzschrift, 1999</subfield></datafield><datafield tag="500" ind1=" " ind2=" "><subfield code="a">Linz</subfield></datafield><datafield tag="500" ind1=" " ind2=" "><subfield code="a">Literaturangaben</subfield></datafield><datafield tag="500" ind1=" " ind2=" "><subfield code="a">IMD-Felder maschinell generiert (GBV)</subfield></datafield><datafield tag="650" ind1=" " ind2="7"><subfield code="a">Schule</subfield><subfield code="0">(DE-Frei129)00003193</subfield><subfield code="0">(DE-588)4053474-1</subfield><subfield code="2">gnd</subfield></datafield><datafield tag="650" ind1=" " ind2="7"><subfield code="a">Schulkind</subfield><subfield code="0">(DE-Frei129)00010253</subfield><subfield code="0">(DE-588)4077197-0</subfield><subfield code="2">gnd</subfield></datafield><datafield tag="650" ind1=" " ind2="7"><subfield code="a">Begabung</subfield><subfield code="0">(DE-Frei129)00012088</subfield><subfield code="0">(DE-588)4128011-8</subfield><subfield code="2">gnd</subfield></datafield><datafield tag="650" ind1=" " ind2="7"><subfield code="a">Begabtenförderung</subfield><subfield code="0">(DE-Frei129)00027509</subfield><subfield code="0">(DE-588)4069227-9</subfield><subfield code="2">gnd</subfield></datafield><datafield tag="650" ind1=" " ind2="7"><subfield code="a">Begabtenförderung</subfield><subfield code="0">(DE-Frei129)00027509</subfield><subfield code="0">(DE-588)4069227-9</subfield><subfield code="2">gnd</subfield></datafield><datafield tag="650" ind1=" " ind2="7"><subfield code="a">Schule</subfield><subfield code="0">(DE-Frei129)00003193</subfield><subfield code="0">(DE-588)4053474-1</subfield><subfield code="2">gnd</subfield></datafield><datafield tag="650" ind1=" " ind2="7"><subfield code="a">Begabung</subfield><subfield code="0">(DE-Frei129)00012088</subfield><subfield code="0">(DE-588)4128011-8</subfield><subfield code="2">gnd</subfield></datafield><datafield tag="650" ind1=" " ind2="7"><subfield code="a">Schulkind</subfield><subfield code="0">(DE-Frei129)00010253</subfield><subfield code="0">(DE-588)4077197-0</subfield><subfield code="2">gnd</subfield></datafield><datafield tag="650" ind1=" " ind2="7"><subfield code="a">Education</subfield><subfield code="0">(DE-Frei129)00242198</subfield><subfield code="2">local</subfield></datafield><datafield tag="689" ind1="0" ind2="0"><subfield code="0">(DE-588)4069227-9</subfield><subfield code="D">s</subfield><subfield code="a">Begabtenförderung </subfield></datafield><datafield tag="689" ind1="0" ind2="1"><subfield code="0">(DE-588)4053474-1</subfield><subfield code="D">s</subfield><subfield code="a">Schule</subfield><subfield code="5">DE-101</subfield></datafield><datafield tag="689" ind1="1" ind2="0"><subfield code="0">(DE-588)4128011-8</subfield><subfield code="D">s</subfield><subfield code="a">Begabung </subfield></datafield><datafield tag="689" ind1="1" ind2="1"><subfield code="0">(DE-588)4077197-0</subfield><subfield code="D">s</subfield><subfield code="a">Schulkind</subfield><subfield code="5">DE-101</subfield></datafield><datafield tag="689" ind1="2" ind2="0"><subfield code="A">s</subfield><subfield code="a">Education</subfield><subfield code="5">DE-101</subfield></datafield><datafield tag="700" ind1="1" ind2=" "><subfield code="0">(DE-Frei129)00458173</subfield><subfield code="a">Ganglmair, Peter</subfield><subfield code="4">Hrsg.</subfield></datafield><datafield tag="830" ind1=" " ind2="0"><subfield code="a">Schriften der Pädagogischen Akademie des Bundes in Oberösterreich</subfield><subfield code="v">6</subfield><subfield code="w">(DE-Frei129)00222008</subfield><subfield code="9">16</subfield></datafield><datafield tag="852" ind1=" " ind2=" "><subfield code="a">Frei129</subfield><subfield code="c">Psy G 310: 99</subfield></datafield><datafield tag="856" ind1="4" ind2=" "><subfield code="8">00</subfield><subfield code="u">http://media.obvsg.at/AC03074520-1002</subfield><subfield code="y">Inhaltsverzeichnis</subfield></datafield><datafield tag="980" ind1="0" ind2=" "><subfield code="a">00130583</subfield><subfield code="9">(PHFR)</subfield><subfield code="b">EG-Anbau (32)</subfield><subfield code="c">Psy G 310: 99</subfield><subfield code="d">Standardleihe (01)</subfield><subfield code="e">Verfügbar (X)</subfield></datafield></record>