
<record><leader>02030nam a2200000uuc4500</leader><controlfield tag="001">01637316</controlfield><controlfield tag="003">DE-Frei129</controlfield><controlfield tag="005">20220907144050.0</controlfield><controlfield tag="007">tu</controlfield><controlfield tag="008">051202s2005    ||||||||||||||||||||ger||</controlfield><datafield tag="020" ind1=" " ind2=" "><subfield code="a">3866150989</subfield><subfield code="9">3-86615-098-9</subfield></datafield><datafield tag="035" ind1=" " ind2=" "><subfield code="a">(DE-576)1191758435</subfield></datafield><datafield tag="041" ind1=" " ind2=" "><subfield code="a">ger</subfield></datafield><datafield tag="245" ind1="1" ind2="0"><subfield code="a">Diskothek / Süddeutsche Zeitung</subfield><subfield code="b">1000 Songs, fünfzig Jahre Popmusik. Ausgewählt, kommentiert und präsentiert vom Süddeutsche Zeitung Magazin. 1955 - 2004</subfield><subfield code="n">2002</subfield><subfield code="p">2002 : ein Jahr und seine 20 Songs</subfield><subfield code="c">Ausgew. und komm. von Süddeutsche Zeitung Magazin. Hrsg. von Philipp Oehmke...</subfield></datafield><datafield tag="260" ind1="3" ind2=" "><subfield code="a">München</subfield><subfield code="b">Verl. Süddeutsche Zeitung</subfield><subfield code="c">2005</subfield></datafield><datafield tag="300" ind1=" " ind2=" "><subfield code="a">80  Seiten</subfield><subfield code="b">Ill.</subfield><subfield code="e">1 CD</subfield></datafield><datafield tag="773" ind1="0" ind2="8"><subfield code="w">(DE-Frei129)00712571</subfield><subfield code="q">42002</subfield></datafield><datafield tag="852" ind1=" " ind2=" "><subfield code="a">Frei129</subfield><subfield code="c">CD 06/31 ,2002</subfield></datafield><datafield tag="980" ind1="0" ind2=" "><subfield code="a">00175062</subfield><subfield code="9">(PHFR)</subfield><subfield code="b">3.OG (37)</subfield><subfield code="c">CD 06/31 ,2002</subfield><subfield code="d">Kurzleihe 14 Tage (11)</subfield><subfield code="e">Verfügbar (X)</subfield></datafield></record>